<?xml version="1.0" encoding="UTF-8"?><collection xmlns="http://www.loc.gov/MARC21/slim"><record><leader>00398nam--2200145-i-4500</leader><controlfield tag="001">000002125</controlfield><controlfield tag="002">20161230</controlfield><controlfield tag="005">20161230201024</controlfield><controlfield tag="008">060222s1000------------r-----000-0-eng-d</controlfield><datafield ind1=" " ind2=" " tag="080"><subfield code="a">51.01</subfield></datafield><datafield ind1=" " ind2=" " tag="100"><subfield code="a">Frechet, Maurice</subfield></datafield><datafield ind1=" " ind2=" " tag="245"><subfield code="a">Les mathematiques et le concret. preface de r.b.bayer</subfield></datafield><datafield ind1=" " ind2=" " tag="260"><subfield code="a">Paris, Presses Univ. De France, 1955. 438 P</subfield></datafield><datafield ind1=" " ind2=" " tag="490"><subfield code="a">Philosophie De La Matiere</subfield></datafield><datafield ind1=" " ind2=" " tag="852"><subfield code="a">11895</subfield></datafield></record></collection>